<?xml version="1.0" encoding="UTF-8"?><record xmlns="http://www.loc.gov/MARC21/slim" xmlns:cinclude="http://apache.org/cocoon/include/1.0" xmlns:zs="http://www.loc.gov/zing/srw/">
  <leader>00348nz  a2200121n  4500</leader>
  <controlfield tag="001">nr 95006514 </controlfield>
  <controlfield tag="003">DLC</controlfield>
  <controlfield tag="005">19950325060522.8</controlfield>
  <controlfield tag="008">950221n| acannaab|          |n aaa     c</controlfield>
  <datafield tag="010" ind1=" " ind2=" ">
    <subfield code="a">nr 95006514 </subfield>
  </datafield>
  <datafield tag="040" ind1=" " ind2=" ">
    <subfield code="a">MWiCA</subfield>
    <subfield code="c">MWiCA</subfield>
  </datafield>
  <datafield tag="100" ind1="1" ind2="0">
    <subfield code="a">Lilja, Torsten</subfield>
  </datafield>
  <datafield tag="670" ind1=" " ind2=" ">
    <subfield code="a">Seven master printmakers, c1991:</subfield>
    <subfield code="b">p. 6 (Torsten Lilja; Swedish businessman and art collector)</subfield>
  </datafield>
</record>